%YAML 1.1
%TAG !u! tag:unity3d.com,2011:
--- !u!29 &1
OcclusionCullingSettings:
  m_ObjectHideFlags: 0
  serializedVersion: 2
  m_OcclusionBakeSettings:
    smallestOccluder: 5
    smallestHole: 0.25
    backfaceThreshold: 100
  m_SceneGUID: 00000000000000000000000000000000
  m_OcclusionCullingData: {fileID: 0}
--- !u!104 &2
RenderSettings:
  m_ObjectHideFlags: 0
  serializedVersion: 9
  m_Fog: 0
  m_FogColor: {r: 0.5, g: 0.5, b: 0.5, a: 1}
  m_FogMode: 3
  m_FogDensity: 0.01
  m_LinearFogStart: 0
  m_LinearFogEnd: 300
  m_AmbientSkyColor: {r: 0.212, g: 0.227, b: 0.259, a: 1}
  m_AmbientEquatorColor: {r: 0.114, g: 0.125, b: 0.133, a: 1}
  m_AmbientGroundColor: {r: 0.047, g: 0.043, b: 0.035, a: 1}
  m_AmbientIntensity: 1
  m_AmbientMode: 3
  m_SubtractiveShadowColor: {r: 0.42, g: 0.478, b: 0.627, a: 1}
  m_SkyboxMaterial: {fileID: 0}
  m_HaloStrength: 0.5
  m_FlareStrength: 1
  m_FlareFadeSpeed: 3
  m_HaloTexture: {fileID: 0}
  m_SpotCookie: {fileID: 10001, guid: 0000000000000000e000000000000000, type: 0}
  m_DefaultReflectionMode: 0
  m_DefaultReflectionResolution: 128
  m_ReflectionBounces: 1
  m_ReflectionIntensity: 1
  m_CustomReflection: {fileID: 0}
  m_Sun: {fileID: 0}
  m_IndirectSpecularColor: {r: 0, g: 0, b: 0, a: 1}
  m_UseRadianceAmbientProbe: 0
--- !u!157 &3
LightmapSettings:
  m_ObjectHideFlags: 0
  serializedVersion: 11
  m_GIWorkflowMode: 1
  m_GISettings:
    serializedVersion: 2
    m_BounceScale: 1
    m_IndirectOutputScale: 1
    m_AlbedoBoost: 1
    m_EnvironmentLightingMode: 0
    m_EnableBakedLightmaps: 0
    m_EnableRealtimeLightmaps: 0
  m_LightmapEditorSettings:
    serializedVersion: 10
    m_Resolution: 2
    m_BakeResolution: 40
    m_AtlasSize: 1024
    m_AO: 0
    m_AOMaxDistance: 1
    m_CompAOExponent: 1
    m_CompAOExponentDirect: 0
    m_Padding: 2
    m_LightmapParameters: {fileID: 0}
    m_LightmapsBakeMode: 1
    m_TextureCompression: 1
    m_FinalGather: 0
    m_FinalGatherFiltering: 1
    m_FinalGatherRayCount: 256
    m_ReflectionCompression: 2
    m_MixedBakeMode: 2
    m_BakeBackend: 1
    m_PVRSampling: 1
    m_PVRDirectSampleCount: 32
    m_PVRSampleCount: 500
    m_PVRBounces: 2
    m_PVRFilterTypeDirect: 0
    m_PVRFilterTypeIndirect: 0
    m_PVRFilterTypeAO: 0
    m_PVRFilteringMode: 1
    m_PVRCulling: 1
    m_PVRFilteringGaussRadiusDirect: 1
    m_PVRFilteringGaussRadiusIndirect: 5
    m_PVRFilteringGaussRadiusAO: 2
    m_PVRFilteringAtrousPositionSigmaDirect: 0.5
    m_PVRFilteringAtrousPositionSigmaIndirect: 2
    m_PVRFilteringAtrousPositionSigmaAO: 1
    m_ShowResolutionOverlay: 1
  m_LightingDataAsset: {fileID: 0}
  m_UseShadowmask: 1
--- !u!196 &4
NavMeshSettings:
  serializedVersion: 2
  m_ObjectHideFlags: 0
  m_BuildSettings:
    serializedVersion: 2
    agentTypeID: 0
    agentRadius: 0.5
    agentHeight: 2
    agentSlope: 45
    agentClimb: 0.4
    ledgeDropHeight: 0
    maxJumpAcrossDistance: 0
    minRegionArea: 2
    manualCellSize: 0
    cellSize: 0.16666667
    manualTileSize: 0
    tileSize: 256
    accuratePlacement: 0
    debug:
      m_Flags: 0
  m_NavMeshData: {fileID: 0}
--- !u!1001 &120790716
PrefabInstance:
  m_ObjectHideFlags: 0
  serializedVersion: 2
  m_Modification:
    m_TransformParent: {fileID: 235091108}
    m_Modifications:
    - target: {fileID: 8597141437478885296, guid: 44cded5f57b40624fbe060601e4e0151,
        type: 3}
      propertyPath: m_Name
      value: PauseUI
      objectReference: {fileID: 0}
    - target: {fileID: 8597141437478885296, guid: 44cded5f57b40624fbe060601e4e0151,
        type: 3}
      propertyPath: m_IsActive
      value: 0
      objectReference: {fileID: 0}
    - target: {fileID: 8597141437478885299, guid: 44cded5f57b40624fbe060601e4e0151,
        type: 3}
      propertyPath: m_LocalPosition.x
      value: 0
      objectReference: {fileID: 0}
    - target: {fileID: 8597141437478885299, guid: 44cded5f57b40624fbe060601e4e0151,
        type: 3}
      propertyPath: m_LocalPosition.y
      value: 0
      objectReference: {fileID: 0}
    - target: {fileID: 8597141437478885299, guid: 44cded5f57b40624fbe060601e4e0151,
        type: 3}
      propertyPath: m_LocalPosition.z
      value: 0
      objectReference: {fileID: 0}
    - target: {fileID: 8597141437478885299, guid: 44cded5f57b40624fbe060601e4e0151,
        type: 3}
      propertyPath: m_LocalRotation.x
      value: 0
      objectReference: {fileID: 0}
    - target: {fileID: 8597141437478885299, guid: 44cded5f57b40624fbe060601e4e0151,
        type: 3}
      propertyPath: m_LocalRotation.y
      value: 0
      objectReference: {fileID: 0}
    - target: {fileID: 8597141437478885299, guid: 44cded5f57b40624fbe060601e4e0151,
        type: 3}
      propertyPath: m_LocalRotation.z
      value: 0
      objectReference: {fileID: 0}
    - target: {fileID: 8597141437478885299, guid: 44cded5f57b40624fbe060601e4e0151,
        type: 3}
      propertyPath: m_LocalRotation.w
      value: 1
      objectReference: {fileID: 0}
    - target: {fileID: 8597141437478885299, guid: 44cded5f57b40624fbe060601e4e0151,
        type: 3}
      propertyPath: m_RootOrder
      value: 3
      objectReference: {fileID: 0}
    - target: {fileID: 8597141437478885299, guid: 44cded5f57b40624fbe060601e4e0151,
        type: 3}
      propertyPath: m_LocalEulerAnglesHint.x
      value: 0
      objectReference: {fileID: 0}
    - target: {fileID: 8597141437478885299, guid: 44cded5f57b40624fbe060601e4e0151,
        type: 3}
      propertyPath: m_LocalEulerAnglesHint.y
      value: 0
      objectReference: {fileID: 0}
    - target: {fileID: 8597141437478885299, guid: 44cded5f57b40624fbe060601e4e0151,
        type: 3}
      propertyPath: m_LocalEulerAnglesHint.z
      value: 0
      objectReference: {fileID: 0}
    - target: {fileID: 8597141437478885299, guid: 44cded5f57b40624fbe060601e4e0151,
        type: 3}
      propertyPath: m_AnchoredPosition.x
      value: 0
      objectReference: {fileID: 0}
    - target: {fileID: 8597141437478885299, guid: 44cded5f57b40624fbe060601e4e0151,
        type: 3}
      propertyPath: m_AnchoredPosition.y
      value: -36
      objectReference: {fileID: 0}
    - target: {fileID: 8597141437478885299, guid: 44cded5f57b40624fbe060601e4e0151,
        type: 3}
      propertyPath: m_SizeDelta.x
      value: 100
      objectReference: {fileID: 0}
    - target: {fileID: 8597141437478885299, guid: 44cded5f57b40624fbe060601e4e0151,
        type: 3}
      propertyPath: m_SizeDelta.y
      value: 100
      objectReference: {fileID: 0}
    - target: {fileID: 8597141437478885299, guid: 44cded5f57b40624fbe060601e4e0151,
        type: 3}
      propertyPath: m_AnchorMin.x
      value: 0.5
      objectReference: {fileID: 0}
    - target: {fileID: 8597141437478885299, guid: 44cded5f57b40624fbe060601e4e0151,
        type: 3}
      propertyPath: m_AnchorMin.y
      value: 0.5
      objectReference: {fileID: 0}
    - target: {fileID: 8597141437478885299, guid: 44cded5f57b40624fbe060601e4e0151,
        type: 3}
      propertyPath: m_AnchorMax.x
      value: 0.5
      objectReference: {fileID: 0}
    - target: {fileID: 8597141437478885299, guid: 44cded5f57b40624fbe060601e4e0151,
        type: 3}
      propertyPath: m_AnchorMax.y
      value: 0.5
      objectReference: {fileID: 0}
    - target: {fileID: 8597141437478885299, guid: 44cded5f57b40624fbe060601e4e0151,
        type: 3}
      propertyPath: m_Pivot.x
      value: 0.5
      objectReference: {fileID: 0}
    - target: {fileID: 8597141437478885299, guid: 44cded5f57b40624fbe060601e4e0151,
        type: 3}
      propertyPath: m_Pivot.y
      value: 0.5
      objectReference: {fileID: 0}
    - target: {fileID: 8597141437119740992, guid: 44cded5f57b40624fbe060601e4e0151,
        type: 3}
      propertyPath: m_OnClick.m_PersistentCalls.m_Calls.Array.data[0].m_Target
      value: 
      objectReference: {fileID: 1230745899}
    - target: {fileID: 8597141437119740992, guid: 44cded5f57b40624fbe060601e4e0151,
        type: 3}
      propertyPath: m_OnClick.m_PersistentCalls.m_Calls.Array.data[0].m_MethodName
      value: ResumeBtn
      objectReference: {fileID: 0}
    - target: {fileID: 8597141436131008826, guid: 44cded5f57b40624fbe060601e4e0151,
        type: 3}
      propertyPath: m_OnClick.m_PersistentCalls.m_Calls.Array.data[0].m_Target
      value: 
      objectReference: {fileID: 1230745899}
    - target: {fileID: 8597141436131008826, guid: 44cded5f57b40624fbe060601e4e0151,
        type: 3}
      propertyPath: m_OnClick.m_PersistentCalls.m_Calls.Array.data[0].m_MethodName
      value: QuitBtn
      objectReference: {fileID: 0}
    - target: {fileID: 8597141436888582168, guid: 44cded5f57b40624fbe060601e4e0151,
        type: 3}
      propertyPath: m_IsActive
      value: 1
      objectReference: {fileID: 0}
    m_RemovedComponents: []
  m_SourcePrefab: {fileID: 100100000, guid: 44cded5f57b40624fbe060601e4e0151, type: 3}
--- !u!1 &235091103 stripped
GameObject:
  m_CorrespondingSourceObject: {fileID: 6942043909519125941, guid: 0ca62018f023d6249abf33d65019fd33,
    type: 3}
  m_PrefabInstance: {fileID: 754453007}
  m_PrefabAsset: {fileID: 0}
--- !u!114 &235091104
MonoBehaviour:
  m_ObjectHideFlags: 0
  m_CorrespondingSourceObject: {fileID: 0}
  m_PrefabInstance: {fileID: 0}
  m_PrefabAsset: {fileID: 0}
  m_GameObject: {fileID: 235091103}
  m_Enabled: 1
  m_EditorHideFlags: 0
  m_Script: {fileID: 11500000, guid: 555b0eecacda8c14c904927931bcc400, type: 3}
  m_Name: 
  m_EditorClassIdentifier: 
  EquippedItemExtUI: {fileID: 2137091222}
  EquippedItemAxeUI: {fileID: 565784619}
  ExtinguisherUI: {fileID: 0}
  ControlsUI: {fileID: 1244103520}
  PauseUI: {fileID: 1756503851}
  PauseBtn: {fileID: 2122742473}
  FExtinguisher: {fileID: 0}
  FAxe: {fileID: 0}
--- !u!224 &235091108 stripped
RectTransform:
  m_CorrespondingSourceObject: {fileID: 6942043909519125937, guid: 0ca62018f023d6249abf33d65019fd33,
    type: 3}
  m_PrefabInstance: {fileID: 754453007}
  m_PrefabAsset: {fileID: 0}
--- !u!1001 &235291121
PrefabInstance:
  m_ObjectHideFlags: 0
  serializedVersion: 2
  m_Modification:
    m_TransformParent: {fileID: 235091108}
    m_Modifications:
    - target: {fileID: 167430717958930119, guid: 06324575e70ae6741b9d38db359715b3,
        type: 3}
      propertyPath: m_Name
      value: EquippedBGUI
      objectReference: {fileID: 0}
    - target: {fileID: 167430717958930116, guid: 06324575e70ae6741b9d38db359715b3,
        type: 3}
      propertyPath: m_LocalPosition.x
      value: 0
      objectReference: {fileID: 0}
    - target: {fileID: 167430717958930116, guid: 06324575e70ae6741b9d38db359715b3,
        type: 3}
      propertyPath: m_LocalPosition.y
      value: 0
      objectReference: {fileID: 0}
    - target: {fileID: 167430717958930116, guid: 06324575e70ae6741b9d38db359715b3,
        type: 3}
      propertyPath: m_LocalPosition.z
      value: 0
      objectReference: {fileID: 0}
    - target: {fileID: 167430717958930116, guid: 06324575e70ae6741b9d38db359715b3,
        type: 3}
      propertyPath: m_LocalRotation.x
      value: 0
      objectReference: {fileID: 0}
    - target: {fileID: 167430717958930116, guid: 06324575e70ae6741b9d38db359715b3,
        type: 3}
      propertyPath: m_LocalRotation.y
      value: 0
      objectReference: {fileID: 0}
    - target: {fileID: 167430717958930116, guid: 06324575e70ae6741b9d38db359715b3,
        type: 3}
      propertyPath: m_LocalRotation.z
      value: 0
      objectReference: {fileID: 0}
    - target: {fileID: 167430717958930116, guid: 06324575e70ae6741b9d38db359715b3,
        type: 3}
      propertyPath: m_LocalRotation.w
      value: 1
      objectReference: {fileID: 0}
    - target: {fileID: 167430717958930116, guid: 06324575e70ae6741b9d38db359715b3,
        type: 3}
      propertyPath: m_RootOrder
      value: 2
      objectReference: {fileID: 0}
    - target: {fileID: 167430717958930116, guid: 06324575e70ae6741b9d38db359715b3,
        type: 3}
      propertyPath: m_LocalEulerAnglesHint.x
      value: 0
      objectReference: {fileID: 0}
    - target: {fileID: 167430717958930116, guid: 06324575e70ae6741b9d38db359715b3,
        type: 3}
      propertyPath: m_LocalEulerAnglesHint.y
      value: 0
      objectReference: {fileID: 0}
    - target: {fileID: 167430717958930116, guid: 06324575e70ae6741b9d38db359715b3,
        type: 3}
      propertyPath: m_LocalEulerAnglesHint.z
      value: 0
      objectReference: {fileID: 0}
    - target: {fileID: 167430717958930116, guid: 06324575e70ae6741b9d38db359715b3,
        type: 3}
      propertyPath: m_AnchoredPosition.x
      value: 43.899902
      objectReference: {fileID: 0}
    - target: {fileID: 167430717958930116, guid: 06324575e70ae6741b9d38db359715b3,
        type: 3}
      propertyPath: m_AnchoredPosition.y
      value: -40.5
      objectReference: {fileID: 0}
    - target: {fileID: 167430717958930116, guid: 06324575e70ae6741b9d38db359715b3,
        type: 3}
      propertyPath: m_SizeDelta.x
      value: 100
      objectReference: {fileID: 0}
    - target: {fileID: 167430717958930116, guid: 06324575e70ae6741b9d38db359715b3,
        type: 3}
      propertyPath: m_SizeDelta.y
      value: 100
      objectReference: {fileID: 0}
    - target: {fileID: 167430717958930116, guid: 06324575e70ae6741b9d38db359715b3,
        type: 3}
      propertyPath: m_AnchorMin.x
      value: 0
      objectReference: {fileID: 0}
    - target: {fileID: 167430717958930116, guid: 06324575e70ae6741b9d38db359715b3,
        type: 3}
      propertyPath: m_AnchorMin.y
      value: 1
      objectReference: {fileID: 0}
    - target: {fileID: 167430717958930116, guid: 06324575e70ae6741b9d38db359715b3,
        type: 3}
      propertyPath: m_AnchorMax.x
      value: 0
      objectReference: {fileID: 0}
    - target: {fileID: 167430717958930116, guid: 06324575e70ae6741b9d38db359715b3,
        type: 3}
      propertyPath: m_AnchorMax.y
      value: 1
      objectReference: {fileID: 0}
    - target: {fileID: 167430717958930116, guid: 06324575e70ae6741b9d38db359715b3,
        type: 3}
      propertyPath: m_Pivot.x
      value: 0.5
      objectReference: {fileID: 0}
    - target: {fileID: 167430717958930116, guid: 06324575e70ae6741b9d38db359715b3,
        type: 3}
      propertyPath: m_Pivot.y
      value: 0.5
      objectReference: {fileID: 0}
    - target: {fileID: 167430717958930116, guid: 06324575e70ae6741b9d38db359715b3,
        type: 3}
      propertyPath: m_LocalScale.x
      value: 0.73748
      objectReference: {fileID: 0}
    - target: {fileID: 167430717958930116, guid: 06324575e70ae6741b9d38db359715b3,
        type: 3}
      propertyPath: m_LocalScale.y
      value: 0.74999
      objectReference: {fileID: 0}
    - target: {fileID: 167430718192891423, guid: 06324575e70ae6741b9d38db359715b3,
        type: 3}
      propertyPath: m_IsActive
      value: 0
      objectReference: {fileID: 0}
    - target: {fileID: 6384405657820572952, guid: 06324575e70ae6741b9d38db359715b3,
        type: 3}
      propertyPath: m_IsActive
      value: 0
      objectReference: {fileID: 0}
    m_RemovedComponents: []
  m_SourcePrefab: {fileID: 100100000, guid: 06324575e70ae6741b9d38db359715b3, type: 3}
--- !u!1 &293379221
GameObject:
  m_ObjectHideFlags: 0
  m_CorrespondingSourceObject: {fileID: 0}
  m_PrefabInstance: {fileID: 0}
  m_PrefabAsset: {fileID: 0}
  serializedVersion: 6
  m_Component:
  - component: {fileID: 293379224}
  - component: {fileID: 293379223}
  - component: {fileID: 293379222}
  m_Layer: 0
  m_Name: Main Camera
  m_TagString: MainCamera
  m_Icon: {fileID: 0}
  m_NavMeshLayer: 0
  m_StaticEditorFlags: 0
  m_IsActive: 1
--- !u!81 &293379222
AudioListener:
  m_ObjectHideFlags: 0
  m_CorrespondingSourceObject: {fileID: 0}
  m_PrefabInstance: {fileID: 0}
  m_PrefabAsset: {fileID: 0}
  m_GameObject: {fileID: 293379221}
  m_Enabled: 1
--- !u!20 &293379223
Camera:
  m_ObjectHideFlags: 0
  m_CorrespondingSourceObject: {fileID: 0}
  m_PrefabInstance: {fileID: 0}
  m_PrefabAsset: {fileID: 0}
  m_GameObject: {fileID: 293379221}
  m_Enabled: 1
  serializedVersion: 2
  m_ClearFlags: 1
  m_BackGroundColor: {r: 0, g: 0, b: 0, a: 0}
  m_projectionMatrixMode: 1
  m_SensorSize: {x: 36, y: 24}
  m_LensShift: {x: 0, y: 0}
  m_GateFitMode: 2
  m_FocalLength: 50
  m_NormalizedViewPortRect:
    serializedVersion: 2
    x: 0
    y: 0
    width: 1
    height: 1
  near clip plane: 0.3
  far clip plane: 1000
  field of view: 60
  orthographic: 1
  orthographic size: 5
  m_Depth: -1
  m_CullingMask:
    serializedVersion: 2
    m_Bits: 4294967295
  m_RenderingPath: -1
  m_TargetTexture: {fileID: 0}
  m_TargetDisplay: 0
  m_TargetEye: 3
  m_HDR: 1
  m_AllowMSAA: 1
  m_AllowDynamicResolution: 0
  m_ForceIntoRT: 0
  m_OcclusionCulling: 1
  m_StereoConvergence: 10
  m_StereoSeparation: 0.022
--- !u!4 &293379224
Transform:
  m_ObjectHideFlags: 0
  m_CorrespondingSourceObject: {fileID: 0}
  m_PrefabInstance: {fileID: 0}
  m_PrefabAsset: {fileID: 0}
  m_GameObject: {fileID: 293379221}
  m_LocalRotation: {x: 0, y: 0, z: 0, w: 1}
  m_LocalPosition: {x: 0, y: -0.92, z: -10}
  m_LocalScale: {x: 1, y: 1, z: 1}
  m_Children: []
  m_Father: {fileID: 0}
  m_RootOrder: 0
  m_LocalEulerAnglesHint: {x: 0, y: 0, z: 0}
--- !u!1001 &332313229
PrefabInstance:
  m_ObjectHideFlags: 0
  serializedVersion: 2
  m_Modification:
    m_TransformParent: {fileID: 0}
    m_Modifications:
    - target: {fileID: 4897508755990573446, guid: 8d4212a8746327940afe91f9d0dd0f76,
        type: 3}
      propertyPath: m_Name
      value: Axe (1)
      objectReference: {fileID: 0}
    - target: {fileID: 4897508755990573446, guid: 8d4212a8746327940afe91f9d0dd0f76,
        type: 3}
      propertyPath: m_IsActive
      value: 1
      objectReference: {fileID: 0}
    - target: {fileID: 4897508755990573445, guid: 8d4212a8746327940afe91f9d0dd0f76,
        type: 3}
      propertyPath: m_LocalPosition.x
      value: -10.72
      objectReference: {fileID: 0}
    - target: {fileID: 4897508755990573445, guid: 8d4212a8746327940afe91f9d0dd0f76,
        type: 3}
      propertyPath: m_LocalPosition.y
      value: 3.98
      objectReference: {fileID: 0}
    - target: {fileID: 4897508755990573445, guid: 8d4212a8746327940afe91f9d0dd0f76,
        type: 3}
      propertyPath: m_LocalPosition.z
      value: 0
      objectReference: {fileID: 0}
    - target: {fileID: 4897508755990573445, guid: 8d4212a8746327940afe91f9d0dd0f76,
        type: 3}
      propertyPath: m_LocalRotation.x
      value: 0
      objectReference: {fileID: 0}
    - target: {fileID: 4897508755990573445, guid: 8d4212a8746327940afe91f9d0dd0f76,
        type: 3}
      propertyPath: m_LocalRotation.y
      value: 0
      objectReference: {fileID: 0}
    - target: {fileID: 4897508755990573445, guid: 8d4212a8746327940afe91f9d0dd0f76,
        type: 3}
      propertyPath: m_LocalRotation.z
      value: -0.7071068
      objectReference: {fileID: 0}
    - target: {fileID: 4897508755990573445, guid: 8d4212a8746327940afe91f9d0dd0f76,
        type: 3}
      propertyPath: m_LocalRotation.w
      value: 0.7071068
      objectReference: {fileID: 0}
    - target: {fileID: 4897508755990573445, guid: 8d4212a8746327940afe91f9d0dd0f76,
        type: 3}
      propertyPath: m_RootOrder
      value: 1
      objectReference: {fileID: 0}
    - target: {fileID: 4897508755990573445, guid: 8d4212a8746327940afe91f9d0dd0f76,
        type: 3}
      propertyPath: m_LocalEulerAnglesHint.x
      value: 0
      objectReference: {fileID: 0}
    - target: {fileID: 4897508755990573445, guid: 8d4212a8746327940afe91f9d0dd0f76,
        type: 3}
      propertyPath: m_LocalEulerAnglesHint.y
      value: 0
      objectReference: {fileID: 0}
    - target: {fileID: 4897508755990573445, guid: 8d4212a8746327940afe91f9d0dd0f76,
        type: 3}
      propertyPath: m_LocalEulerAnglesHint.z
      value: -90
      objectReference: {fileID: 0}
    - target: {fileID: 4897508755990573445, guid: 8d4212a8746327940afe91f9d0dd0f76,
        type: 3}
      propertyPath: m_LocalScale.x
      value: 3
      objectReference: {fileID: 0}
    - target: {fileID: 4897508755990573445, guid: 8d4212a8746327940afe91f9d0dd0f76,
        type: 3}
      propertyPath: m_LocalScale.y
      value: 3
      objectReference: {fileID: 0}
    - target: {fileID: 4897508754534418292, guid: 8d4212a8746327940afe91f9d0dd0f76,
        type: 3}
      propertyPath: ItemLevelID
      value: 4
      objectReference: {fileID: 0}
    - target: {fileID: 4897508754534418292, guid: 8d4212a8746327940afe91f9d0dd0f76,
        type: 3}
      propertyPath: attackPos
      value: 
      objectReference: {fileID: 359751288}
    m_RemovedComponents: []
  m_SourcePrefab: {fileID: 100100000, guid: 8d4212a8746327940afe91f9d0dd0f76, type: 3}
--- !u!1001 &359751287
PrefabInstance:
  m_ObjectHideFlags: 0
  serializedVersion: 2
  m_Modification:
    m_TransformParent: {fileID: 0}
    m_Modifications:
    - target: {fileID: 1589974804669521280, guid: e4180ad93dda431419bca068fce3cc35,
        type: 3}
      propertyPath: m_Name
      value: Player (1)
      objectReference: {fileID: 0}
    - target: {fileID: 1592903404595672116, guid: e4180ad93dda431419bca068fce3cc35,
        type: 3}
      propertyPath: m_LocalPosition.x
      value: -6.91
      objectReference: {fileID: 0}
    - target: {fileID: 1592903404595672116, guid: e4180ad93dda431419bca068fce3cc35,
        type: 3}
      propertyPath: m_LocalPosition.y
      value: -2.44
      objectReference: {fileID: 0}
    - target: {fileID: 1592903404595672116, guid: e4180ad93dda431419bca068fce3cc35,
        type: 3}
      propertyPath: m_LocalPosition.z
      value: -0.97
      objectReference: {fileID: 0}
    - target: {fileID: 1592903404595672116, guid: e4180ad93dda431419bca068fce3cc35,
        type: 3}
      propertyPath: m_LocalRotation.x
      value: 0
      objectReference: {fileID: 0}
    - target: {fileID: 1592903404595672116, guid: e4180ad93dda431419bca068fce3cc35,
        type: 3}
      propertyPath: m_LocalRotation.y
      value: 0
      objectReference: {fileID: 0}
    - target: {fileID: 1592903404595672116, guid: e4180ad93dda431419bca068fce3cc35,
        type: 3}
      propertyPath: m_LocalRotation.z
      value: 0
      objectReference: {fileID: 0}
    - target: {fileID: 1592903404595672116, guid: e4180ad93dda431419bca068fce3cc35,
        type: 3}
      propertyPath: m_LocalRotation.w
      value: 1
      objectReference: {fileID: 0}
    - target: {fileID: 1592903404595672116, guid: e4180ad93dda431419bca068fce3cc35,
        type: 3}
      propertyPath: m_RootOrder
      value: 5
      objectReference: {fileID: 0}
    - target: {fileID: 1592903404595672116, guid: e4180ad93dda431419bca068fce3cc35,
        type: 3}
      propertyPath: m_LocalEulerAnglesHint.x
      value: 0
      objectReference: {fileID: 0}
    - target: {fileID: 1592903404595672116, guid: e4180ad93dda431419bca068fce3cc35,
        type: 3}
      propertyPath: m_LocalEulerAnglesHint.y
      value: 0
      objectReference: {fileID: 0}
    - target: {fileID: 1592903404595672116, guid: e4180ad93dda431419bca068fce3cc35,
        type: 3}
      propertyPath: m_LocalEulerAnglesHint.z
      value: 0
      objectReference: {fileID: 0}
    - target: {fileID: 1592903404595672116, guid: e4180ad93dda431419bca068fce3cc35,
        type: 3}
      propertyPath: m_LocalScale.x
      value: 2
      objectReference: {fileID: 0}
    - target: {fileID: 1592903404595672116, guid: e4180ad93dda431419bca068fce3cc35,
        type: 3}
      propertyPath: m_LocalScale.y
      value: 2
      objectReference: {fileID: 0}
    - target: {fileID: 2129861296, guid: e4180ad93dda431419bca068fce3cc35, type: 3}
      propertyPath: m_GravityScale
      value: 1
      objectReference: {fileID: 0}
    - target: {fileID: 1589974804669521283, guid: e4180ad93dda431419bca068fce3cc35,
        type: 3}
      propertyPath: _speed
      value: 3
      objectReference: {fileID: 0}
    m_RemovedComponents: []
  m_SourcePrefab: {fileID: 100100000, guid: e4180ad93dda431419bca068fce3cc35, type: 3}
--- !u!4 &359751288 stripped
Transform:
  m_CorrespondingSourceObject: {fileID: 1590910041857663192, guid: e4180ad93dda431419bca068fce3cc35,
    type: 3}
  m_PrefabInstance: {fileID: 359751287}
  m_PrefabAsset: {fileID: 0}
--- !u!1001 &374653379
PrefabInstance:
  m_ObjectHideFlags: 0
  serializedVersion: 2
  m_Modification:
    m_TransformParent: {fileID: 0}
    m_Modifications:
    - target: {fileID: 8952268510737343654, guid: c1895aa128e988343abe671017606768,
        type: 3}
      propertyPath: m_Name
      value: FireExtinguisher (1)
      objectReference: {fileID: 0}
    - target: {fileID: 8952268510737343654, guid: c1895aa128e988343abe671017606768,
        type: 3}
      propertyPath: m_IsActive
      value: 1
      objectReference: {fileID: 0}
    - target: {fileID: 8952268510737343675, guid: c1895aa128e988343abe671017606768,
        type: 3}
      propertyPath: m_LocalPosition.x
      value: -9.288
      objectReference: {fileID: 0}
    - target: {fileID: 8952268510737343675, guid: c1895aa128e988343abe671017606768,
        type: 3}
      propertyPath: m_LocalPosition.y
      value: -2.3955553
      objectReference: {fileID: 0}
    - target: {fileID: 8952268510737343675, guid: c1895aa128e988343abe671017606768,
        type: 3}
      propertyPath: m_LocalPosition.z
      value: 0
      objectReference: {fileID: 0}
    - target: {fileID: 8952268510737343675, guid: c1895aa128e988343abe671017606768,
        type: 3}
      propertyPath: m_LocalRotation.x
      value: 0
      objectReference: {fileID: 0}
    - target: {fileID: 8952268510737343675, guid: c1895aa128e988343abe671017606768,
        type: 3}
      propertyPath: m_LocalRotation.y
      value: 0
      objectReference: {fileID: 0}
    - target: {fileID: 8952268510737343675, guid: c1895aa128e988343abe671017606768,
        type: 3}
      propertyPath: m_LocalRotation.z
      value: 0
      objectReference: {fileID: 0}
    - target: {fileID: 8952268510737343675, guid: c1895aa128e988343abe671017606768,
        type: 3}
      propertyPath: m_LocalRotation.w
      value: 1
      objectReference: {fileID: 0}
    - target: {fileID: 8952268510737343675, guid: c1895aa128e988343abe671017606768,
        type: 3}
      propertyPath: m_RootOrder
      value: 2
      objectReference: {fileID: 0}
    - target: {fileID: 8952268510737343675, guid: c1895aa128e988343abe671017606768,
        type: 3}
      propertyPath: m_LocalEulerAnglesHint.x
      value: 0
      objectReference: {fileID: 0}
    - target: {fileID: 8952268510737343675, guid: c1895aa128e988343abe671017606768,
        type: 3}
      propertyPath: m_LocalEulerAnglesHint.y
      value: 0
      objectReference: {fileID: 0}
    - target: {fileID: 8952268510737343675, guid: c1895aa128e988343abe671017606768,
        type: 3}
      propertyPath: m_LocalEulerAnglesHint.z
      value: 0
      objectReference: {fileID: 0}
    - target: {fileID: 8952268510737343675, guid: c1895aa128e988343abe671017606768,
        type: 3}
      propertyPath: m_LocalScale.x
      value: 2
      objectReference: {fileID: 0}
    - target: {fileID: 8952268510737343675, guid: c1895aa128e988343abe671017606768,
        type: 3}
      propertyPath: m_LocalScale.y
      value: 2
      objectReference: {fileID: 0}
    - target: {fileID: 8952268510737343675, guid: c1895aa128e988343abe671017606768,
        type: 3}
      propertyPath: m_LocalScale.z
      value: 1
      objectReference: {fileID: 0}
    - target: {fileID: 8952268512611492428, guid: c1895aa128e988343abe671017606768,
        type: 3}
      propertyPath: ItemLevelID
      value: 3
      objectReference: {fileID: 0}
    - target: {fileID: 8952268512611492428, guid: c1895aa128e988343abe671017606768,
        type: 3}
      propertyPath: attackPos
      value: 
      objectReference: {fileID: 359751288}
    m_RemovedComponents:
    - {fileID: 6122346420542044322, guid: c1895aa128e988343abe671017606768, type: 3}
  m_SourcePrefab: {fileID: 100100000, guid: c1895aa128e988343abe671017606768, type: 3}
--- !u!1001 &451437757
PrefabInstance:
  m_ObjectHideFlags: 0
  serializedVersion: 2
  m_Modification:
    m_TransformParent: {fileID: 235091108}
    m_Modifications:
    - target: {fileID: 2807503508595176274, guid: 4db60b553981f004c8854fc0b79b1898,
        type: 3}
      propertyPath: m_Name
      value: PauseBtn
      objectReference: {fileID: 0}
    - target: {fileID: 2807503508595176275, guid: 4db60b553981f004c8854fc0b79b1898,
        type: 3}
      propertyPath: m_LocalPosition.x
      value: 0
      objectReference: {fileID: 0}
    - target: {fileID: 2807503508595176275, guid: 4db60b553981f004c8854fc0b79b1898,
        type: 3}
      propertyPath: m_LocalPosition.y
      value: 0
      objectReference: {fileID: 0}
    - target: {fileID: 2807503508595176275, guid: 4db60b553981f004c8854fc0b79b1898,
        type: 3}
      propertyPath: m_LocalPosition.z
      value: 0
      objectReference: {fileID: 0}
    - target: {fileID: 2807503508595176275, guid: 4db60b553981f004c8854fc0b79b1898,
        type: 3}
      propertyPath: m_LocalRotation.x
      value: 0
      objectReference: {fileID: 0}
    - target: {fileID: 2807503508595176275, guid: 4db60b553981f004c8854fc0b79b1898,
        type: 3}
      propertyPath: m_LocalRotation.y
      value: 0
      objectReference: {fileID: 0}
    - target: {fileID: 2807503508595176275, guid: 4db60b553981f004c8854fc0b79b1898,
        type: 3}
      propertyPath: m_LocalRotation.z
      value: 0
      objectReference: {fileID: 0}
    - target: {fileID: 2807503508595176275, guid: 4db60b553981f004c8854fc0b79b1898,
        type: 3}
      propertyPath: m_LocalRotation.w
      value: 1
      objectReference: {fileID: 0}
    - target: {fileID: 2807503508595176275, guid: 4db60b553981f004c8854fc0b79b1898,
        type: 3}
      propertyPath: m_RootOrder
      value: 5
      objectReference: {fileID: 0}
    - target: {fileID: 2807503508595176275, guid: 4db60b553981f004c8854fc0b79b1898,
        type: 3}
      propertyPath: m_LocalEulerAnglesHint.x
      value: 0
      objectReference: {fileID: 0}
    - target: {fileID: 2807503508595176275, guid: 4db60b553981f004c8854fc0b79b1898,
        type: 3}
      propertyPath: m_LocalEulerAnglesHint.y
      value: 0
      objectReference: {fileID: 0}
    - target: {fileID: 2807503508595176275, guid: 4db60b553981f004c8854fc0b79b1898,
        type: 3}
      propertyPath: m_LocalEulerAnglesHint.z
      value: 0
      objectReference: {fileID: 0}
    - target: {fileID: 2807503508595176275, guid: 4db60b553981f004c8854fc0b79b1898,
        type: 3}
      propertyPath: m_AnchoredPosition.x
      value: -49
      objectReference: {fileID: 0}
    - target: {fileID: 2807503508595176275, guid: 4db60b553981f004c8854fc0b79b1898,
        type: 3}
      propertyPath: m_AnchoredPosition.y
      value: -30.5
      objectReference: {fileID: 0}
    - target: {fileID: 2807503508595176275, guid: 4db60b553981f004c8854fc0b79b1898,
        type: 3}
      propertyPath: m_SizeDelta.x
      value: 160
      objectReference: {fileID: 0}
    - target: {fileID: 2807503508595176275, guid: 4db60b553981f004c8854fc0b79b1898,
        type: 3}
      propertyPath: m_SizeDelta.y
      value: 30
      objectReference: {fileID: 0}
    - target: {fileID: 2807503508595176275, guid: 4db60b553981f004c8854fc0b79b1898,
        type: 3}
      propertyPath: m_AnchorMin.x
      value: 1
      objectReference: {fileID: 0}
    - target: {fileID: 2807503508595176275, guid: 4db60b553981f004c8854fc0b79b1898,
        type: 3}
      propertyPath: m_AnchorMin.y
      value: 1
      objectReference: {fileID: 0}
    - target: {fileID: 2807503508595176275, guid: 4db60b553981f004c8854fc0b79b1898,
        type: 3}
      propertyPath: m_AnchorMax.x
      value: 1
      objectReference: {fileID: 0}
    - target: {fileID: 2807503508595176275, guid: 4db60b553981f004c8854fc0b79b1898,
        type: 3}
      propertyPath: m_AnchorMax.y
      value: 1
      objectReference: {fileID: 0}
    - target: {fileID: 2807503508595176275, guid: 4db60b553981f004c8854fc0b79b1898,
        type: 3}
      propertyPath: m_Pivot.x
      value: 0.5
      objectReference: {fileID: 0}
    - target: {fileID: 2807503508595176275, guid: 4db60b553981f004c8854fc0b79b1898,
        type: 3}
      propertyPath: m_Pivot.y
      value: 0.5
      objectReference: {fileID: 0}
    - target: {fileID: 2807503508595176272, guid: 4db60b553981f004c8854fc0b79b1898,
        type: 3}
      propertyPath: m_OnClick.m_PersistentCalls.m_Calls.Array.data[0].m_Target
      value: 
      objectReference: {fileID: 1230745899}
    - target: {fileID: 2807503508595176272, guid: 4db60b553981f004c8854fc0b79b1898,
        type: 3}
      propertyPath: m_OnClick.m_PersistentCalls.m_Calls.Array.data[0].m_MethodName
      value: PauseBtn
      objectReference: {fileID: 0}
    m_RemovedComponents: []
  m_SourcePrefab: {fileID: 100100000, guid: 4db60b553981f004c8854fc0b79b1898, type: 3}
--- !u!1 &565784619 stripped
GameObject:
  m_CorrespondingSourceObject: {fileID: 4897508755990573446, guid: 8d4212a8746327940afe91f9d0dd0f76,
    type: 3}
  m_PrefabInstance: {fileID: 332313229}
  m_PrefabAsset: {fileID: 0}
--- !u!1001 &754453007
PrefabInstance:
  m_ObjectHideFlags: 0
  serializedVersion: 2
  m_Modification:
    m_TransformParent: {fileID: 0}
    m_Modifications:
    - target: {fileID: 6942043909519125941, guid: 0ca62018f023d6249abf33d65019fd33,
        type: 3}
      propertyPath: m_Name
      value: Canvas
      objectReference: {fileID: 0}
    - target: {fileID: 6942043909519125937, guid: 0ca62018f023d6249abf33d65019fd33,
        type: 3}
      propertyPath: m_LocalPosition.x
      value: 0
      objectReference: {fileID: 0}
    - target: {fileID: 6942043909519125937, guid: 0ca62018f023d6249abf33d65019fd33,
        type: 3}
      propertyPath: m_LocalPosition.y
      value: 0
      objectReference: {fileID: 0}
    - target: {fileID: 6942043909519125937, guid: 0ca62018f023d6249abf33d65019fd33,
        type: 3}
      propertyPath: m_LocalPosition.z
      value: 0
      objectReference: {fileID: 0}
    - target: {fileID: 6942043909519125937, guid: 0ca62018f023d6249abf33d65019fd33,
        type: 3}
      propertyPath: m_LocalRotation.x
      value: 0
      objectReference: {fileID: 0}
    - target: {fileID: 6942043909519125937, guid: 0ca62018f023d6249abf33d65019fd33,
        type: 3}
      propertyPath: m_LocalRotation.y
      value: 0
      objectReference: {fileID: 0}
    - target: {fileID: 6942043909519125937, guid: 0ca62018f023d6249abf33d65019fd33,
        type: 3}
      propertyPath: m_LocalRotation.z
      value: 0
      objectReference: {fileID: 0}
    - target: {fileID: 6942043909519125937, guid: 0ca62018f023d6249abf33d65019fd33,
        type: 3}
      propertyPath: m_LocalRotation.w
      value: 1
      objectReference: {fileID: 0}
    - target: {fileID: 6942043909519125937, guid: 0ca62018f023d6249abf33d65019fd33,
        type: 3}
      propertyPath: m_RootOrder
      value: 4
      objectReference: {fileID: 0}
    - target: {fileID: 6942043909519125937, guid: 0ca62018f023d6249abf33d65019fd33,
        type: 3}
      propertyPath: m_LocalEulerAnglesHint.x
      value: 0
      objectReference: {fileID: 0}
    - target: {fileID: 6942043909519125937, guid: 0ca62018f023d6249abf33d65019fd33,
        type: 3}
      propertyPath: m_LocalEulerAnglesHint.y
      value: 0
      objectReference: {fileID: 0}
    - target: {fileID: 6942043909519125937, guid: 0ca62018f023d6249abf33d65019fd33,
        type: 3}
      propertyPath: m_LocalEulerAnglesHint.z
      value: 0
      objectReference: {fileID: 0}
    - target: {fileID: 6942043909519125937, guid: 0ca62018f023d6249abf33d65019fd33,
        type: 3}
      propertyPath: m_AnchoredPosition.x
      value: 0
      objectReference: {fileID: 0}
    - target: {fileID: 6942043909519125937, guid: 0ca62018f023d6249abf33d65019fd33,
        type: 3}
      propertyPath: m_AnchoredPosition.y
      value: 0
      objectReference: {fileID: 0}
    - target: {fileID: 6942043909519125937, guid: 0ca62018f023d6249abf33d65019fd33,
        type: 3}
      propertyPath: m_SizeDelta.x
      value: 0
      objectReference: {fileID: 0}
    - target: {fileID: 6942043909519125937, guid: 0ca62018f023d6249abf33d65019fd33,
        type: 3}
      propertyPath: m_SizeDelta.y
      value: 0
      objectReference: {fileID: 0}
    - target: {fileID: 6942043909519125937, guid: 0ca62018f023d6249abf33d65019fd33,
        type: 3}
      propertyPath: m_AnchorMin.x
      value: 0
      objectReference: {fileID: 0}
    - target: {fileID: 6942043909519125937, guid: 0ca62018f023d6249abf33d65019fd33,
        type: 3}
      propertyPath: m_AnchorMin.y
      value: 0
      objectReference: {fileID: 0}
    - target: {fileID: 6942043909519125937, guid: 0ca62018f023d6249abf33d65019fd33,
        type: 3}
      propertyPath: m_AnchorMax.x
      value: 0
      objectReference: {fileID: 0}
    - target: {fileID: 6942043909519125937, guid: 0ca62018f023d6249abf33d65019fd33,
        type: 3}
      propertyPath: m_AnchorMax.y
      value: 0
      objectReference: {fileID: 0}
    - target: {fileID: 6942043909519125937, guid: 0ca62018f023d6249abf33d65019fd33,
        type: 3}
      propertyPath: m_Pivot.x
      value: 0
      objectReference: {fileID: 0}
    - target: {fileID: 6942043909519125937, guid: 0ca62018f023d6249abf33d65019fd33,
        type: 3}
      propertyPath: m_Pivot.y
      value: 0
      objectReference: {fileID: 0}
    - target: {fileID: 6942043909275260277, guid: 0ca62018f023d6249abf33d65019fd33,
        type: 3}
      propertyPath: m_IsActive
      value: 0
      objectReference: {fileID: 0}
    - target: {fileID: 6942043910321393299, guid: 0ca62018f023d6249abf33d65019fd33,
        type: 3}
      propertyPath: m_AnchoredPosition.x
      value: -199.6
      objectReference: {fileID: 0}
    - target: {fileID: 6942043910321393299, guid: 0ca62018f023d6249abf33d65019fd33,
        type: 3}
      propertyPath: m_AnchoredPosition.y
      value: -17
      objectReference: {fileID: 0}
    - target: {fileID: 6942043910321393299, guid: 0ca62018f023d6249abf33d65019fd33,
        type: 3}
      propertyPath: m_AnchorMin.y
      value: 1
      objectReference: {fileID: 0}
    - target: {fileID: 6942043910321393299, guid: 0ca62018f023d6249abf33d65019fd33,
        type: 3}
      propertyPath: m_AnchorMax.y
      value: 1
      objectReference: {fileID: 0}
    - target: {fileID: 6942043910321393299, guid: 0ca62018f023d6249abf33d65019fd33,
        type: 3}
      propertyPath: m_SizeDelta.y
      value: 36.179993
      objectReference: {fileID: 0}
    - target: {fileID: 6942043910321393298, guid: 0ca62018f023d6249abf33d65019fd33,
        type: 3}
      propertyPath: m_Text
      value: '"Left Mouse Button" to move

        "E" to Pick Up Item and Open Doors, Go up and Down Stairs

        "G" to Drop Item

        "Space" to Use item

        "A" to reset

'
      objectReference: {fileID: 0}
    m_RemovedComponents: []
  m_SourcePrefab: {fileID: 100100000, guid: 0ca62018f023d6249abf33d65019fd33, type: 3}
--- !u!1 &1230745897
GameObject:
  m_ObjectHideFlags: 0
  m_CorrespondingSourceObject: {fileID: 0}
  m_PrefabInstance: {fileID: 0}
  m_PrefabAsset: {fileID: 0}
  serializedVersion: 6
  m_Component:
  - component: {fileID: 1230745898}
  - component: {fileID: 1230745899}
  m_Layer: 0
  m_Name: PausePlay
  m_TagString: Untagged
  m_Icon: {fileID: 0}
  m_NavMeshLayer: 0
  m_StaticEditorFlags: 0
  m_IsActive: 1
--- !u!224 &1230745898
RectTransform:
  m_ObjectHideFlags: 0
  m_CorrespondingSourceObject: {fileID: 0}
  m_PrefabInstance: {fileID: 0}
  m_PrefabAsset: {fileID: 0}
  m_GameObject: {fileID: 1230745897}
  m_LocalRotation: {x: 0, y: 0, z: 0, w: 1}
  m_LocalPosition: {x: 0, y: 0, z: 0}
  m_LocalScale: {x: 1, y: 1, z: 1}
  m_Children: []
  m_Father: {fileID: 235091108}
  m_RootOrder: 4
  m_LocalEulerAnglesHint: {x: 0, y: 0, z: 0}
  m_AnchorMin: {x: 0.5, y: 0.5}
  m_AnchorMax: {x: 0.5, y: 0.5}
  m_AnchoredPosition: {x: 0, y: 0}
  m_SizeDelta: {x: 100, y: 100}
  m_Pivot: {x: 0.5, y: 0.5}
--- !u!114 &1230745899
MonoBehaviour:
  m_ObjectHideFlags: 0
  m_CorrespondingSourceObject: {fileID: 0}
  m_PrefabInstance: {fileID: 0}
  m_PrefabAsset: {fileID: 0}
  m_GameObject: {fileID: 1230745897}
  m_Enabled: 1
  m_EditorHideFlags: 0
  m_Script: {fileID: 11500000, guid: 199815b809c634747b6506480037b4ce, type: 3}
  m_Name: 
  m_EditorClassIdentifier: 
  UI: {fileID: 235091104}
--- !u!1 &1244103520 stripped
GameObject:
  m_CorrespondingSourceObject: {fileID: 6942043910321393300, guid: 0ca62018f023d6249abf33d65019fd33,
    type: 3}
  m_PrefabInstance: {fileID: 754453007}
  m_PrefabAsset: {fileID: 0}
--- !u!1 &1687254234
GameObject:
  m_ObjectHideFlags: 0
  m_CorrespondingSourceObject: {fileID: 0}
  m_PrefabInstance: {fileID: 0}
  m_PrefabAsset: {fileID: 0}
  serializedVersion: 6
  m_Component:
  - component: {fileID: 1687254237}
  - component: {fileID: 1687254236}
  - component: {fileID: 1687254235}
  m_Layer: 0
  m_Name: EventSystem
  m_TagString: Untagged
  m_Icon: {fileID: 0}
  m_NavMeshLayer: 0
  m_StaticEditorFlags: 0
  m_IsActive: 1
--- !u!114 &1687254235
MonoBehaviour:
  m_ObjectHideFlags: 0
  m_CorrespondingSourceObject: {fileID: 0}
  m_PrefabInstance: {fileID: 0}
  m_PrefabAsset: {fileID: 0}
  m_GameObject: {fileID: 1687254234}
  m_Enabled: 1
  m_EditorHideFlags: 0
  m_Script: {fileID: 1077351063, guid: f70555f144d8491a825f0804e09c671c, type: 3}
  m_Name: 
  m_EditorClassIdentifier: 
  m_HorizontalAxis: Horizontal
  m_VerticalAxis: Vertical
  m_SubmitButton: Submit
  m_CancelButton: Cancel
  m_InputActionsPerSecond: 10
  m_RepeatDelay: 0.5
  m_ForceModuleActive: 0
--- !u!114 &1687254236
MonoBehaviour:
  m_ObjectHideFlags: 0
  m_CorrespondingSourceObject: {fileID: 0}
  m_PrefabInstance: {fileID: 0}
  m_PrefabAsset: {fileID: 0}
  m_GameObject: {fileID: 1687254234}
  m_Enabled: 1
  m_EditorHideFlags: 0
  m_Script: {fileID: -619905303, guid: f70555f144d8491a825f0804e09c671c, type: 3}
  m_Name: 
  m_EditorClassIdentifier: 
  m_FirstSelected: {fileID: 0}
  m_sendNavigationEvents: 1
  m_DragThreshold: 10
--- !u!4 &1687254237
Transform:
  m_ObjectHideFlags: 0
  m_CorrespondingSourceObject: {fileID: 0}
  m_PrefabInstance: {fileID: 0}
  m_PrefabAsset: {fileID: 0}
  m_GameObject: {fileID: 1687254234}
  m_LocalRotation: {x: 0, y: 0, z: 0, w: 1}
  m_LocalPosition: {x: 0, y: 0, z: 0}
  m_LocalScale: {x: 1, y: 1, z: 1}
  m_Children: []
  m_Father: {fileID: 0}
  m_RootOrder: 6
  m_LocalEulerAnglesHint: {x: 0, y: 0, z: 0}
--- !u!1 &1756503851 stripped
GameObject:
  m_CorrespondingSourceObject: {fileID: 8597141437478885296, guid: 44cded5f57b40624fbe060601e4e0151,
    type: 3}
  m_PrefabInstance: {fileID: 120790716}
  m_PrefabAsset: {fileID: 0}
--- !u!1 &2122742473 stripped
GameObject:
  m_CorrespondingSourceObject: {fileID: 2807503508595176274, guid: 4db60b553981f004c8854fc0b79b1898,
    type: 3}
  m_PrefabInstance: {fileID: 451437757}
  m_PrefabAsset: {fileID: 0}
--- !u!1 &2137091222 stripped
GameObject:
  m_CorrespondingSourceObject: {fileID: 8952268510737343654, guid: c1895aa128e988343abe671017606768,
    type: 3}
  m_PrefabInstance: {fileID: 374653379}
  m_PrefabAsset: {fileID: 0}
--- !u!1001 &1240865672059472312
PrefabInstance:
  m_ObjectHideFlags: 0
  serializedVersion: 2
  m_Modification:
    m_TransformParent: {fileID: 0}
    m_Modifications:
    - target: {fileID: 9104193331728038830, guid: a508be5dc4d8b2841afec8988310b4ad,
        type: 3}
      propertyPath: m_Name
      value: Water
      objectReference: {fileID: 0}
    - target: {fileID: 9104193331728038816, guid: a508be5dc4d8b2841afec8988310b4ad,
        type: 3}
      propertyPath: m_LocalPosition.x
      value: 0.43925023
      objectReference: {fileID: 0}
    - target: {fileID: 9104193331728038816, guid: a508be5dc4d8b2841afec8988310b4ad,
        type: 3}
      propertyPath: m_LocalPosition.y
      value: -5.78
      objectReference: {fileID: 0}
    - target: {fileID: 9104193331728038816, guid: a508be5dc4d8b2841afec8988310b4ad,
        type: 3}
      propertyPath: m_LocalPosition.z
      value: 0
      objectReference: {fileID: 0}
    - target: {fileID: 9104193331728038816, guid: a508be5dc4d8b2841afec8988310b4ad,
        type: 3}
      propertyPath: m_LocalRotation.x
      value: 0
      objectReference: {fileID: 0}
    - target: {fileID: 9104193331728038816, guid: a508be5dc4d8b2841afec8988310b4ad,
        type: 3}
      propertyPath: m_LocalRotation.y
      value: 0
      objectReference: {fileID: 0}
    - target: {fileID: 9104193331728038816, guid: a508be5dc4d8b2841afec8988310b4ad,
        type: 3}
      propertyPath: m_LocalRotation.z
      value: 0
      objectReference: {fileID: 0}
    - target: {fileID: 9104193331728038816, guid: a508be5dc4d8b2841afec8988310b4ad,
        type: 3}
      propertyPath: m_LocalRotation.w
      value: 1
      objectReference: {fileID: 0}
    - target: {fileID: 9104193331728038816, guid: a508be5dc4d8b2841afec8988310b4ad,
        type: 3}
      propertyPath: m_RootOrder
      value: 3
      objectReference: {fileID: 0}
    - target: {fileID: 9104193331728038816, guid: a508be5dc4d8b2841afec8988310b4ad,
        type: 3}
      propertyPath: m_LocalEulerAnglesHint.x
      value: 0
      objectReference: {fileID: 0}
    - target: {fileID: 9104193331728038816, guid: a508be5dc4d8b2841afec8988310b4ad,
        type: 3}
      propertyPath: m_LocalEulerAnglesHint.y
      value: 0
      objectReference: {fileID: 0}
    - target: {fileID: 9104193331728038816, guid: a508be5dc4d8b2841afec8988310b4ad,
        type: 3}
      propertyPath: m_LocalEulerAnglesHint.z
      value: 0
      objectReference: {fileID: 0}
    - target: {fileID: 1901300344027091350, guid: a508be5dc4d8b2841afec8988310b4ad,
        type: 3}
      propertyPath: speed
      value: 10
      objectReference: {fileID: 0}
    m_RemovedComponents: []
  m_SourcePrefab: {fileID: 100100000, guid: a508be5dc4d8b2841afec8988310b4ad, type: 3}
--- !u!1001 &2496564064139862734
PrefabInstance:
  m_ObjectHideFlags: 0
  serializedVersion: 2
  m_Modification:
    m_TransformParent: {fileID: 0}
    m_Modifications:
    - target: {fileID: 2496564064237766594, guid: 3f6696fe3cb52436897c4ae2a4bf0225,
        type: 3}
      propertyPath: m_Name
      value: FireParticle
      objectReference: {fileID: 0}
    - target: {fileID: 2496564064237766622, guid: 3f6696fe3cb52436897c4ae2a4bf0225,
        type: 3}
      propertyPath: m_LocalPosition.x
      value: -13.3
      objectReference: {fileID: 0}
    - target: {fileID: 2496564064237766622, guid: 3f6696fe3cb52436897c4ae2a4bf0225,
        type: 3}
      propertyPath: m_LocalPosition.y
      value: 1.4000001
      objectReference: {fileID: 0}
    - target: {fileID: 2496564064237766622, guid: 3f6696fe3cb52436897c4ae2a4bf0225,
        type: 3}
      propertyPath: m_LocalPosition.z
      value: 0
      objectReference: {fileID: 0}
    - target: {fileID: 2496564064237766622, guid: 3f6696fe3cb52436897c4ae2a4bf0225,
        type: 3}
      propertyPath: m_LocalRotation.x
      value: -0.7071068
      objectReference: {fileID: 0}
    - target: {fileID: 2496564064237766622, guid: 3f6696fe3cb52436897c4ae2a4bf0225,
        type: 3}
      propertyPath: m_LocalRotation.y
      value: 0
      objectReference: {fileID: 0}
    - target: {fileID: 2496564064237766622, guid: 3f6696fe3cb52436897c4ae2a4bf0225,
        type: 3}
      propertyPath: m_LocalRotation.z
      value: 0
      objectReference: {fileID: 0}
    - target: {fileID: 2496564064237766622, guid: 3f6696fe3cb52436897c4ae2a4bf0225,
        type: 3}
      propertyPath: m_LocalRotation.w
      value: 0.7071068
      objectReference: {fileID: 0}
    - target: {fileID: 2496564064237766622, guid: 3f6696fe3cb52436897c4ae2a4bf0225,
        type: 3}
      propertyPath: m_RootOrder
      value: 7
      objectReference: {fileID: 0}
    - target: {fileID: 2496564064237766622, guid: 3f6696fe3cb52436897c4ae2a4bf0225,
        type: 3}
      propertyPath: m_LocalEulerAnglesHint.x
      value: -90
      objectReference: {fileID: 0}
    - target: {fileID: 2496564064237766622, guid: 3f6696fe3cb52436897c4ae2a4bf0225,
        type: 3}
      propertyPath: m_LocalEulerAnglesHint.y
      value: 0
      objectReference: {fileID: 0}
    - target: {fileID: 2496564064237766622, guid: 3f6696fe3cb52436897c4ae2a4bf0225,
        type: 3}
      propertyPath: m_LocalEulerAnglesHint.z
      value: 0
      objectReference: {fileID: 0}
    - target: {fileID: 2496564064237766593, guid: 3f6696fe3cb52436897c4ae2a4bf0225,
        type: 3}
      propertyPath: InitialModule.startColor.maxColor.r
      value: 0.8
      objectReference: {fileID: 0}
    - target: {fileID: 2496564064237766593, guid: 3f6696fe3cb52436897c4ae2a4bf0225,
        type: 3}
      propertyPath: InitialModule.startColor.maxColor.g
      value: 0.5379896
      objectReference: {fileID: 0}
    - target: {fileID: 2496564064237766593, guid: 3f6696fe3cb52436897c4ae2a4bf0225,
        type: 3}
      propertyPath: InitialModule.startColor.maxColor.b
      value: 0.011764717
      objectReference: {fileID: 0}
    - target: {fileID: 2496564064237766593, guid: 3f6696fe3cb52436897c4ae2a4bf0225,
        type: 3}
      propertyPath: InitialModule.startColor.minColor.r
      value: 0.9137255
      objectReference: {fileID: 0}
    - target: {fileID: 2496564064237766593, guid: 3f6696fe3cb52436897c4ae2a4bf0225,
        type: 3}
      propertyPath: InitialModule.startColor.minColor.g
      value: 0.22626491
      objectReference: {fileID: 0}
    - target: {fileID: 2496564064237766593, guid: 3f6696fe3cb52436897c4ae2a4bf0225,
        type: 3}
      propertyPath: InitialModule.startColor.minColor.b
      value: 0.18431371
      objectReference: {fileID: 0}
    m_RemovedComponents: []
  m_SourcePrefab: {fileID: 100100000, guid: 3f6696fe3cb52436897c4ae2a4bf0225, type: 3}
